<?xml version="1.0" encoding="UTF-8"?><collection xmlns="http://www.loc.gov/MARC21/slim"><record><leader>00392nam--2200133-i-4500</leader><controlfield tag="001">000046436</controlfield><controlfield tag="002">20161230</controlfield><controlfield tag="005">20161230201046</controlfield><controlfield tag="008">060222s1000------------r-----000-0-eng-d</controlfield><datafield ind1=" " ind2=" " tag="080"><subfield code="a">015:541.64</subfield></datafield><datafield ind1=" " ind2=" " tag="100"><subfield code="a">Utile, Jean-pierre</subfield></datafield><datafield ind1=" " ind2=" " tag="245"><subfield code="a">Synthese et reactions sur polymere insoluble de derives glucidiques. these</subfield></datafield><datafield ind1=" " ind2=" " tag="260"><subfield code="a">Grenoble, Univ.Scientifiques Et Medicale, 1971, 48p</subfield></datafield><datafield ind1=" " ind2=" " tag="852"><subfield code="a">38258</subfield></datafield></record></collection>